@comment{This file has been generated by Pybliographer}


@Manual{AVM99,
  Title          = {T{I}-89/{TI}-92 {P}lus {B}enutzerhandbuch. {A}dvanced {M}athematics {S}oftware {V}ersion 2.0},
  Organization   = {Texas Instruments},
  year           = 1999
}

@Manual{AVM02,
  Title          = {T{I}-89/{TI}-92 {P}lus/{V}oyage 200 {PLT} {V}ersion 2.08 - {V}ersionshinweise. {A}dvanced {M}athematics {S}oftware {V}ersion 2.8},
  Organization   = {Texas Instruments},
  year           = 2002
}
